@article{heggen2018hiring,
  title={Hiring Millennial Students as Software Engineers},
  author={Heggen, Scott and Myers, Cody},
  journal={no. June},
  year={2018}
}